@article{ginsburg2018galactic,
  title     = {Galactic panspermia},
  author    = {Ginsburg, Idan and Lingam, Manasvi and Loeb, Abraham},
  journal   = {The Astrophysical Journal Letters},
  volume    = {868},
  number    = {1},
  pages     = {L12},
  year      = {2018},
  publisher = {IOP Publishing}
}

@article{mileikowsky2000risks,
  title     = {Risks threatening viable transfer of microbes between bodies in our solar system},
  author    = {Mileikowsky, Curt and Cucinotta, Francis A and Wilson, John W and Gladman, Brett and Horneck, Gerda and Lindegren, Lennart and Melosh, Jay and Rickman, Hans and Valtonen, Mauri and Zheng, JQ},
  journal   = {Planetary and Space Science},
  volume    = {48},
  number    = {11},
  pages     = {1107--1115},
  year      = {2000},
  publisher = {Elsevier}
}

@book{holland2014treatise,
   title =     {Treatise on geochemistry},
   author =    {Heinrich D Holland; Karl K Turekian},
   publisher = {Elsevier},
   year =      {2014},
   edition =   {2}
}